%YAML 1.1
%TAG !u! tag:unity3d.com,2011:
--- !u!1 &154662
GameObject:
  m_ObjectHideFlags: 0
  m_PrefabParentObject: {fileID: 0}
  m_PrefabInternal: {fileID: 100100000}
  serializedVersion: 5
  m_Component:
  - component: {fileID: 454662}
  - component: {fileID: 21254662}
  - component: {fileID: 5054662}
  - component: {fileID: 11454662}
  - component: {fileID: 11410310}
  - component: {fileID: 5843836}
  - component: {fileID: 6087016}
  m_Layer: 0
  m_Name: AsteroideGrande
  m_TagString: asteroide
  m_Icon: {fileID: 0}
  m_NavMeshLayer: 0
  m_StaticEditorFlags: 0
  m_IsActive: 1
--- !u!4 &454662
Transform:
  m_ObjectHideFlags: 1
  m_PrefabParentObject: {fileID: 0}
  m_PrefabInternal: {fileID: 100100000}
  m_GameObject: {fileID: 154662}
  m_LocalRotation: {x: 0, y: 0, z: 0, w: 1}
  m_LocalPosition: {x: -2.933, y: -1.516, z: 1}
  m_LocalScale: {x: 1, y: 1, z: 1}
  m_Children: []
  m_Father: {fileID: 0}
  m_RootOrder: 0
  m_LocalEulerAnglesHint: {x: 0, y: 0, z: 0}
--- !u!50 &5054662
Rigidbody2D:
  serializedVersion: 4
  m_ObjectHideFlags: 1
  m_PrefabParentObject: {fileID: 0}
  m_PrefabInternal: {fileID: 100100000}
  m_GameObject: {fileID: 154662}
  m_BodyType: 0
  m_Simulated: 1
  m_UseFullKinematicContacts: 0
  m_UseAutoMass: 0
  m_Mass: 0.8
  m_LinearDrag: 0
  m_AngularDrag: 0
  m_GravityScale: 0
  m_Material: {fileID: 0}
  m_Interpolate: 0
  m_SleepingMode: 1
  m_CollisionDetection: 0
  m_Constraints: 0
--- !u!58 &5843836
CircleCollider2D:
  m_ObjectHideFlags: 1
  m_PrefabParentObject: {fileID: 0}
  m_PrefabInternal: {fileID: 100100000}
  m_GameObject: {fileID: 154662}
  m_Enabled: 1
  m_Density: 1
  m_Material: {fileID: 6200000, guid: 6746d2e2a2a938f46bc7ed346baf700c, type: 2}
  m_IsTrigger: 0
  m_UsedByEffector: 0
  m_Offset: {x: 0, y: 0}
  serializedVersion: 2
  m_Radius: 0.18628144
--- !u!60 &6087016
PolygonCollider2D:
  m_ObjectHideFlags: 1
  m_PrefabParentObject: {fileID: 0}
  m_PrefabInternal: {fileID: 100100000}
  m_GameObject: {fileID: 154662}
  m_Enabled: 0
  m_Density: 1
  m_Material: {fileID: 6200000, guid: 6746d2e2a2a938f46bc7ed346baf700c, type: 2}
  m_IsTrigger: 0
  m_UsedByEffector: 0
  m_Offset: {x: 0, y: 0}
  m_Points:
    m_Paths:
    - - {x: -0.0064046383, y: 0.077809215}
      - {x: -0.09808278, y: 0.078458786}
      - {x: -0.08851218, y: 0.06845868}
      - {x: -0.090161085, y: -0.059785247}
      - {x: -0.022346735, y: -0.09340501}
      - {x: 0.026756287, y: -0.083512306}
      - {x: 0.11354172, y: -0.23405147}
      - {x: 0.081917286, y: 0.06813645}
      - {x: 0.0784049, y: 0.0850538}
--- !u!114 &11410310
MonoBehaviour:
  m_ObjectHideFlags: 1
  m_PrefabParentObject: {fileID: 0}
  m_PrefabInternal: {fileID: 100100000}
  m_GameObject: {fileID: 154662}
  m_Enabled: 1
  m_EditorHideFlags: 0
  m_Script: {fileID: 11500000, guid: 4f91fd1310d49e54a85e4c9311e2a713, type: 3}
  m_Name: 
  m_EditorClassIdentifier: 
--- !u!114 &11454662
MonoBehaviour:
  m_ObjectHideFlags: 1
  m_PrefabParentObject: {fileID: 0}
  m_PrefabInternal: {fileID: 100100000}
  m_GameObject: {fileID: 154662}
  m_Enabled: 1
  m_EditorHideFlags: 0
  m_Script: {fileID: 11500000, guid: 8ebf715e8b304dc4594e452f4dfb261f, type: 3}
  m_Name: 
  m_EditorClassIdentifier: 
  AsteroidType: 2
  MinTorque: -0.25
  MaxTorque: 0.25
  MinFuerza: 75
  MaxFuerza: 115
  maxSpeed: 1
  Explosion: {fileID: 161266, guid: f08d68a2d35674b45b9384e002a2da2a, type: 2}
  AsteroidesHijos: {fileID: 126478, guid: e428124df943ee3428a14dd8b718abe2, type: 2}
  NumeroHijos: 2
--- !u!212 &21254662
SpriteRenderer:
  m_ObjectHideFlags: 1
  m_PrefabParentObject: {fileID: 0}
  m_PrefabInternal: {fileID: 100100000}
  m_GameObject: {fileID: 154662}
  m_Enabled: 1
  m_CastShadows: 0
  m_ReceiveShadows: 0
  m_MotionVectors: 1
  m_LightProbeUsage: 0
  m_ReflectionProbeUsage: 0
  m_Materials:
  - {fileID: 10754, guid: 0000000000000000f000000000000000, type: 0}
  m_StaticBatchInfo:
    firstSubMesh: 0
    subMeshCount: 0
  m_StaticBatchRoot: {fileID: 0}
  m_ProbeAnchor: {fileID: 0}
  m_LightProbeVolumeOverride: {fileID: 0}
  m_ScaleInLightmap: 1
  m_PreserveUVs: 0
  m_IgnoreNormalsForChartDetection: 0
  m_ImportantGI: 0
  m_SelectedEditorRenderState: 0
  m_MinimumChartSize: 4
  m_AutoUVMaxDistance: 0.5
  m_AutoUVMaxAngle: 89
  m_LightmapParameters: {fileID: 0}
  m_SortingLayerID: -1992809037
  m_SortingOrder: 0
  m_Sprite: {fileID: 21300000, guid: 2ad3d5c411f465b4abdf2be902274675, type: 3}
  m_Color: {r: 1, g: 1, b: 1, a: 1}
  m_FlipX: 0
  m_FlipY: 0
--- !u!1001 &100100000
Prefab:
  m_ObjectHideFlags: 1
  serializedVersion: 2
  m_Modification:
    m_TransformParent: {fileID: 0}
    m_Modifications: []
    m_RemovedComponents: []
  m_ParentPrefab: {fileID: 0}
  m_RootGameObject: {fileID: 154662}
  m_IsPrefabParent: 1
