%YAML 1.1
%TAG !u! tag:unity3d.com,2011:
--- !u!1 &129904
GameObject:
  m_ObjectHideFlags: 0
  m_PrefabParentObject: {fileID: 0}
  m_PrefabInternal: {fileID: 100100000}
  serializedVersion: 5
  m_Component:
  - component: {fileID: 470332}
  - component: {fileID: 21296152}
  - component: {fileID: 5073638}
  - component: {fileID: 6855126}
  - component: {fileID: 6853646}
  - component: {fileID: 11472622}
  - component: {fileID: 11407404}
  m_Layer: 29
  m_Name: Boomerang
  m_TagString: boomerang
  m_Icon: {fileID: 0}
  m_NavMeshLayer: 0
  m_StaticEditorFlags: 0
  m_IsActive: 1
--- !u!1 &142336
GameObject:
  m_ObjectHideFlags: 0
  m_PrefabParentObject: {fileID: 0}
  m_PrefabInternal: {fileID: 100100000}
  serializedVersion: 5
  m_Component:
  - component: {fileID: 474808}
  m_Layer: 29
  m_Name: movement_direction
  m_TagString: Untagged
  m_Icon: {fileID: 0}
  m_NavMeshLayer: 0
  m_StaticEditorFlags: 0
  m_IsActive: 1
--- !u!4 &470332
Transform:
  m_ObjectHideFlags: 1
  m_PrefabParentObject: {fileID: 0}
  m_PrefabInternal: {fileID: 100100000}
  m_GameObject: {fileID: 129904}
  m_LocalRotation: {x: 0, y: 0, z: 0, w: 1}
  m_LocalPosition: {x: 2.97, y: 0.13, z: -0.48}
  m_LocalScale: {x: 1, y: 1, z: 1}
  m_Children:
  - {fileID: 474808}
  m_Father: {fileID: 0}
  m_RootOrder: 0
  m_LocalEulerAnglesHint: {x: 0, y: 0, z: 0}
--- !u!4 &474808
Transform:
  m_ObjectHideFlags: 1
  m_PrefabParentObject: {fileID: 0}
  m_PrefabInternal: {fileID: 100100000}
  m_GameObject: {fileID: 142336}
  m_LocalRotation: {x: 0, y: 0, z: 0, w: 1}
  m_LocalPosition: {x: 0.122976065, y: 0.16645566, z: 7.6528516}
  m_LocalScale: {x: 1, y: 1, z: 1}
  m_Children: []
  m_Father: {fileID: 470332}
  m_RootOrder: 0
  m_LocalEulerAnglesHint: {x: 0, y: 0, z: 0}
--- !u!50 &5073638
Rigidbody2D:
  serializedVersion: 4
  m_ObjectHideFlags: 1
  m_PrefabParentObject: {fileID: 0}
  m_PrefabInternal: {fileID: 100100000}
  m_GameObject: {fileID: 129904}
  m_BodyType: 0
  m_Simulated: 1
  m_UseFullKinematicContacts: 0
  m_UseAutoMass: 0
  m_Mass: 1
  m_LinearDrag: 1
  m_AngularDrag: 0
  m_GravityScale: 0
  m_Material: {fileID: 0}
  m_Interpolate: 0
  m_SleepingMode: 1
  m_CollisionDetection: 0
  m_Constraints: 0
--- !u!68 &6853646
EdgeCollider2D:
  m_ObjectHideFlags: 1
  m_PrefabParentObject: {fileID: 0}
  m_PrefabInternal: {fileID: 100100000}
  m_GameObject: {fileID: 129904}
  m_Enabled: 0
  m_Density: 1
  m_Material: {fileID: 0}
  m_IsTrigger: 1
  m_UsedByEffector: 0
  m_Offset: {x: 0, y: 0}
  m_Points:
  - {x: -0.019430637, y: 0.21281284}
  - {x: 0.014417887, y: 0.21328521}
  - {x: 0.01755476, y: 0.01606059}
  - {x: 0.20979881, y: 0.014600277}
  - {x: 0.21148396, y: -0.014608622}
  - {x: 0.015191555, y: -0.015340686}
  - {x: 0.0148944855, y: -0.21279487}
  - {x: -0.01751566, y: -0.21295881}
  - {x: -0.01753521, y: -0.01652807}
  - {x: -0.215307, y: -0.016556919}
  - {x: -0.21424484, y: 0.017241776}
  - {x: -0.018650055, y: 0.017235696}
  - {x: -0.018467665, y: 0.21184105}
--- !u!68 &6855126
EdgeCollider2D:
  m_ObjectHideFlags: 1
  m_PrefabParentObject: {fileID: 0}
  m_PrefabInternal: {fileID: 100100000}
  m_GameObject: {fileID: 129904}
  m_Enabled: 0
  m_Density: 1
  m_Material: {fileID: 0}
  m_IsTrigger: 0
  m_UsedByEffector: 0
  m_Offset: {x: 0, y: 0}
  m_Points:
  - {x: -0.019430637, y: 0.21281284}
  - {x: 0.014417887, y: 0.21328521}
  - {x: 0.01755476, y: 0.01606059}
  - {x: 0.20979881, y: 0.014600277}
  - {x: 0.21148396, y: -0.014608622}
  - {x: 0.015191555, y: -0.015340686}
  - {x: 0.0148944855, y: -0.21279487}
  - {x: -0.01751566, y: -0.21295881}
  - {x: -0.01753521, y: -0.01652807}
  - {x: -0.215307, y: -0.016556919}
  - {x: -0.21424484, y: 0.017241776}
  - {x: -0.018650055, y: 0.017235696}
  - {x: -0.018467665, y: 0.21184105}
--- !u!114 &11407404
MonoBehaviour:
  m_ObjectHideFlags: 1
  m_PrefabParentObject: {fileID: 0}
  m_PrefabInternal: {fileID: 100100000}
  m_GameObject: {fileID: 129904}
  m_Enabled: 1
  m_EditorHideFlags: 0
  m_Script: {fileID: 11500000, guid: 877ceef6af29eab4595d52f5f44ed96e, type: 3}
  m_Name: 
  m_EditorClassIdentifier: 
  ship: {fileID: 0}
  rotation_speed: 500
  speed: 5
  returning_speed: 9
  time_life: 2
  destructable: 0
  icon: {fileID: 21300002, guid: cf5094f5423a0f54c9ffdf8109007daf, type: 3}
--- !u!114 &11472622
MonoBehaviour:
  m_ObjectHideFlags: 1
  m_PrefabParentObject: {fileID: 0}
  m_PrefabInternal: {fileID: 100100000}
  m_GameObject: {fileID: 129904}
  m_Enabled: 1
  m_EditorHideFlags: 0
  m_Script: {fileID: 11500000, guid: 4f91fd1310d49e54a85e4c9311e2a713, type: 3}
  m_Name: 
  m_EditorClassIdentifier: 
--- !u!212 &21296152
SpriteRenderer:
  m_ObjectHideFlags: 1
  m_PrefabParentObject: {fileID: 0}
  m_PrefabInternal: {fileID: 100100000}
  m_GameObject: {fileID: 129904}
  m_Enabled: 1
  m_CastShadows: 0
  m_ReceiveShadows: 0
  m_MotionVectors: 1
  m_LightProbeUsage: 0
  m_ReflectionProbeUsage: 0
  m_Materials:
  - {fileID: 10754, guid: 0000000000000000f000000000000000, type: 0}
  m_StaticBatchInfo:
    firstSubMesh: 0
    subMeshCount: 0
  m_StaticBatchRoot: {fileID: 0}
  m_ProbeAnchor: {fileID: 0}
  m_LightProbeVolumeOverride: {fileID: 0}
  m_ScaleInLightmap: 1
  m_PreserveUVs: 0
  m_IgnoreNormalsForChartDetection: 0
  m_ImportantGI: 0
  m_SelectedEditorRenderState: 0
  m_MinimumChartSize: 4
  m_AutoUVMaxDistance: 0.5
  m_AutoUVMaxAngle: 89
  m_LightmapParameters: {fileID: 0}
  m_SortingLayerID: -1624589303
  m_SortingOrder: 1
  m_Sprite: {fileID: 21300000, guid: cf5094f5423a0f54c9ffdf8109007daf, type: 3}
  m_Color: {r: 1, g: 1, b: 1, a: 1}
  m_FlipX: 0
  m_FlipY: 0
--- !u!1001 &100100000
Prefab:
  m_ObjectHideFlags: 1
  serializedVersion: 2
  m_Modification:
    m_TransformParent: {fileID: 0}
    m_Modifications:
    - target: {fileID: 0}
      propertyPath: icon
      value: 
      objectReference: {fileID: 21300002, guid: cf5094f5423a0f54c9ffdf8109007daf,
        type: 3}
    - target: {fileID: 0}
      propertyPath: m_TagString
      value: boomerang
      objectReference: {fileID: 0}
    - target: {fileID: 0}
      propertyPath: m_IsTrigger
      value: 1
      objectReference: {fileID: 0}
    - target: {fileID: 0}
      propertyPath: m_Enabled
      value: 0
      objectReference: {fileID: 0}
    - target: {fileID: 0}
      propertyPath: m_Layer
      value: 29
      objectReference: {fileID: 0}
    m_RemovedComponents: []
  m_ParentPrefab: {fileID: 0}
  m_RootGameObject: {fileID: 129904}
  m_IsPrefabParent: 1
