%YAML 1.1
%TAG !u! tag:unity3d.com,2011:
--- !u!1 &177852
GameObject:
  m_ObjectHideFlags: 0
  m_PrefabParentObject: {fileID: 0}
  m_PrefabInternal: {fileID: 100100000}
  serializedVersion: 5
  m_Component:
  - component: {fileID: 475708}
  - component: {fileID: 21250214}
  - component: {fileID: 5033238}
  - component: {fileID: 11469020}
  - component: {fileID: 6848398}
  - component: {fileID: 6895324}
  - component: {fileID: 11469338}
  m_Layer: 29
  m_Name: Mega_death_rocket
  m_TagString: mega_death_rocket
  m_Icon: {fileID: 0}
  m_NavMeshLayer: 0
  m_StaticEditorFlags: 0
  m_IsActive: 1
--- !u!4 &475708
Transform:
  m_ObjectHideFlags: 1
  m_PrefabParentObject: {fileID: 0}
  m_PrefabInternal: {fileID: 100100000}
  m_GameObject: {fileID: 177852}
  m_LocalRotation: {x: 0, y: 0, z: 0, w: 1}
  m_LocalPosition: {x: 3.633, y: 0.004, z: 0.26}
  m_LocalScale: {x: 0.90301096, y: 0.90301096, z: 0.90301096}
  m_Children: []
  m_Father: {fileID: 0}
  m_RootOrder: 0
  m_LocalEulerAnglesHint: {x: 0, y: 0, z: 0}
--- !u!50 &5033238
Rigidbody2D:
  serializedVersion: 4
  m_ObjectHideFlags: 1
  m_PrefabParentObject: {fileID: 0}
  m_PrefabInternal: {fileID: 100100000}
  m_GameObject: {fileID: 177852}
  m_BodyType: 0
  m_Simulated: 1
  m_UseFullKinematicContacts: 0
  m_UseAutoMass: 0
  m_Mass: 1
  m_LinearDrag: 0.3
  m_AngularDrag: 0
  m_GravityScale: 0
  m_Material: {fileID: 0}
  m_Interpolate: 0
  m_SleepingMode: 1
  m_CollisionDetection: 0
  m_Constraints: 0
--- !u!68 &6848398
EdgeCollider2D:
  m_ObjectHideFlags: 1
  m_PrefabParentObject: {fileID: 0}
  m_PrefabInternal: {fileID: 100100000}
  m_GameObject: {fileID: 177852}
  m_Enabled: 0
  m_Density: 1
  m_Material: {fileID: 0}
  m_IsTrigger: 1
  m_UsedByEffector: 0
  m_Offset: {x: 0, y: 0}
  m_Points:
  - {x: -0.020670086, y: 0.34746113}
  - {x: 0.030843016, y: 0.34511867}
  - {x: 0.06573461, y: 0.30477133}
  - {x: 0.094179474, y: 0.26468813}
  - {x: 0.12256916, y: 0.1600323}
  - {x: 0.12329022, y: -0.29329562}
  - {x: 0.07538661, y: -0.3253579}
  - {x: -0.068666354, y: -0.32308117}
  - {x: -0.10357168, y: -0.2979215}
  - {x: -0.12781192, y: 0.1777126}
  - {x: -0.06579428, y: 0.2104946}
  - {x: -0.062850654, y: 0.3058108}
  - {x: -0.023431007, y: 0.343452}
--- !u!68 &6895324
EdgeCollider2D:
  m_ObjectHideFlags: 1
  m_PrefabParentObject: {fileID: 0}
  m_PrefabInternal: {fileID: 100100000}
  m_GameObject: {fileID: 177852}
  m_Enabled: 0
  m_Density: 1
  m_Material: {fileID: 0}
  m_IsTrigger: 1
  m_UsedByEffector: 0
  m_Offset: {x: 0, y: 0}
  m_Points:
  - {x: -0.020670086, y: 0.34746113}
  - {x: 0.030843016, y: 0.34511867}
  - {x: 0.06573461, y: 0.30477133}
  - {x: 0.094179474, y: 0.26468813}
  - {x: 0.12256916, y: 0.1600323}
  - {x: 0.12329022, y: -0.29329562}
  - {x: 0.07538661, y: -0.3253579}
  - {x: -0.068666354, y: -0.32308117}
  - {x: -0.10357168, y: -0.2979215}
  - {x: -0.12781192, y: 0.1777126}
  - {x: -0.06579428, y: 0.2104946}
  - {x: -0.062850654, y: 0.3058108}
  - {x: -0.023431007, y: 0.343452}
--- !u!114 &11469020
MonoBehaviour:
  m_ObjectHideFlags: 1
  m_PrefabParentObject: {fileID: 0}
  m_PrefabInternal: {fileID: 100100000}
  m_GameObject: {fileID: 177852}
  m_Enabled: 1
  m_EditorHideFlags: 0
  m_Script: {fileID: 11500000, guid: 4f91fd1310d49e54a85e4c9311e2a713, type: 3}
  m_Name: 
  m_EditorClassIdentifier: 
--- !u!114 &11469338
MonoBehaviour:
  m_ObjectHideFlags: 1
  m_PrefabParentObject: {fileID: 0}
  m_PrefabInternal: {fileID: 100100000}
  m_GameObject: {fileID: 177852}
  m_Enabled: 1
  m_EditorHideFlags: 0
  m_Script: {fileID: 11500000, guid: 61e2f048edc951c4186f91d39283351b, type: 3}
  m_Name: 
  m_EditorClassIdentifier: 
  ship: {fileID: 0}
  explosion: {fileID: 187612, guid: 731ec4fb5d6a2ec42b77127e5c5e2080, type: 2}
  speed: 5
  time_life: 2
  detonatable: 1
  destructable: 0
  blast_radius: 0
  icon: {fileID: 21300002, guid: 8bf59fab2a4630947929d4a51c1b1df7, type: 3}
--- !u!212 &21250214
SpriteRenderer:
  m_ObjectHideFlags: 1
  m_PrefabParentObject: {fileID: 0}
  m_PrefabInternal: {fileID: 100100000}
  m_GameObject: {fileID: 177852}
  m_Enabled: 1
  m_CastShadows: 0
  m_ReceiveShadows: 0
  m_MotionVectors: 1
  m_LightProbeUsage: 0
  m_ReflectionProbeUsage: 0
  m_Materials:
  - {fileID: 10754, guid: 0000000000000000f000000000000000, type: 0}
  m_StaticBatchInfo:
    firstSubMesh: 0
    subMeshCount: 0
  m_StaticBatchRoot: {fileID: 0}
  m_ProbeAnchor: {fileID: 0}
  m_LightProbeVolumeOverride: {fileID: 0}
  m_ScaleInLightmap: 1
  m_PreserveUVs: 0
  m_IgnoreNormalsForChartDetection: 0
  m_ImportantGI: 0
  m_SelectedEditorRenderState: 0
  m_MinimumChartSize: 4
  m_AutoUVMaxDistance: 0.5
  m_AutoUVMaxAngle: 89
  m_LightmapParameters: {fileID: 0}
  m_SortingLayerID: -1624589303
  m_SortingOrder: 1
  m_Sprite: {fileID: 21300000, guid: 8bf59fab2a4630947929d4a51c1b1df7, type: 3}
  m_Color: {r: 1, g: 1, b: 1, a: 1}
  m_FlipX: 0
  m_FlipY: 0
--- !u!1001 &100100000
Prefab:
  m_ObjectHideFlags: 1
  serializedVersion: 2
  m_Modification:
    m_TransformParent: {fileID: 0}
    m_Modifications:
    - target: {fileID: 0}
      propertyPath: m_LinearDrag
      value: .300000012
      objectReference: {fileID: 0}
    - target: {fileID: 0}
      propertyPath: detonatable
      value: 1
      objectReference: {fileID: 0}
    - target: {fileID: 0}
      propertyPath: m_IsKinematic
      value: 0
      objectReference: {fileID: 0}
    - target: {fileID: 0}
      propertyPath: explosion
      value: 
      objectReference: {fileID: 187612, guid: 731ec4fb5d6a2ec42b77127e5c5e2080, type: 2}
    - target: {fileID: 0}
      propertyPath: time_life
      value: 2
      objectReference: {fileID: 0}
    - target: {fileID: 0}
      propertyPath: destructable
      value: 0
      objectReference: {fileID: 0}
    - target: {fileID: 0}
      propertyPath: m_TagString
      value: mega_death_rocket
      objectReference: {fileID: 0}
    - target: {fileID: 0}
      propertyPath: icon
      value: 
      objectReference: {fileID: 21300002, guid: 8bf59fab2a4630947929d4a51c1b1df7,
        type: 3}
    - target: {fileID: 0}
      propertyPath: m_Sprite
      value: 
      objectReference: {fileID: 21300000, guid: 8bf59fab2a4630947929d4a51c1b1df7,
        type: 3}
    - target: {fileID: 0}
      propertyPath: m_IsTrigger
      value: 1
      objectReference: {fileID: 0}
    - target: {fileID: 0}
      propertyPath: m_Enabled
      value: 0
      objectReference: {fileID: 0}
    - target: {fileID: 0}
      propertyPath: m_Layer
      value: 29
      objectReference: {fileID: 0}
    m_RemovedComponents: []
  m_ParentPrefab: {fileID: 0}
  m_RootGameObject: {fileID: 177852}
  m_IsPrefabParent: 1
